{"doge_usd":[{"type":"bid","price":0.08000197,"amount":2.00487538,"tid":202709925,"timestamp":1673429993},{"type":"bid","price":0.08,"amount":1.90045379,"tid":202709924,"timestamp":1673429993},{"type":"bid","price":0.08,"amount":2.65711822,"tid":202709923,"timestamp":1673429993},{"type":"bid","price":0.08,"amount":3.43322025,"tid":202709922,"timestamp":1673429993},{"type":"bid","price":0.08,"amount":1.87995873,"tid":202709921,"timestamp":1673429993},{"type":"bid","price":0.08,"amount":2.55476772,"tid":202709920,"timestamp":1673429992},{"type":"bid","price":0.08,"amount":5.60566012,"tid":202709919,"timestamp":1673429992},{"type":"bid","price":0.08,"amount":1.60102227,"tid":202709918,"timestamp":1673429992},{"type":"bid","price":0.08,"amount":1.47937582,"tid":202709917,"timestamp":1673429992},{"type":"bid","price":0.08,"amount":1.8405662,"tid":202709916,"timestamp":1673429992},{"type":"bid","price":0.08,"amount":6.47969455,"tid":202709915,"timestamp":1673429992},{"type":"bid","price":0.08,"amount":2.63442088,"tid":202709914,"timestamp":1673429992},{"type":"bid","price":0.08,"amount":2.63442088,"tid":202709913,"timestamp":1673429992},{"type":"bid","price":0.07994158,"amount":3,"tid":202709912,"timestamp":1673429992},{"type":"bid","price":0.07994157,"amount":20,"tid":202709911,"timestamp":1673429992},{"type":"bid","price":0.07994157,"amount":42.15782666,"tid":202709910,"timestamp":1673429992},{"type":"ask","price":0.07917391,"amount":1.98347789,"tid":202709909,"timestamp":1673428578},{"type":"bid","price":0.07994157,"amount":1.94811796,"tid":202709908,"timestamp":1673426148},{"type":"bid","price":0.07994157,"amount":7.33384417,"tid":202709907,"timestamp":1673425015},{"type":"bid","price":0.07994157,"amount":8.55330043,"tid":202709906,"timestamp":1673425010},{"type":"bid","price":0.07994157,"amount":9.97552533,"tid":202709905,"timestamp":1673425007},{"type":"ask","price":0.07932737,"amount":1.97958939,"tid":202709904,"timestamp":1673421044},{"type":"ask","price":0.07812701,"amount":648.11242717,"tid":202709903,"timestamp":1673420469},{"type":"ask","price":0.07874016,"amount":1.29031996,"tid":202709902,"timestamp":1673420469},{"type":"ask","price":0.07874016,"amount":1.29031996,"tid":202709901,"timestamp":1673420468},{"type":"ask","price":0.07874016,"amount":1.29031996,"tid":202709900,"timestamp":1673420468},{"type":"ask","price":0.07874386,"amount":1.28009981,"tid":202709899,"timestamp":1673420468},{"type":"ask","price":0.07883612,"amount":2.04221111,"tid":202709898,"timestamp":1673420468},{"type":"ask","price":0.079,"amount":1.90045379,"tid":202709897,"timestamp":1673420468},{"type":"ask","price":0.079,"amount":2.65711822,"tid":202709896,"timestamp":1673420468},{"type":"ask","price":0.079,"amount":3.43322025,"tid":202709895,"timestamp":1673420468},{"type":"ask","price":0.079,"amount":1.87995873,"tid":202709894,"timestamp":1673420468},{"type":"ask","price":0.079,"amount":2.55476772,"tid":202709893,"timestamp":1673420468},{"type":"ask","price":0.079,"amount":5.60566012,"tid":202709892,"timestamp":1673420468},{"type":"ask","price":0.079,"amount":1.60102227,"tid":202709891,"timestamp":1673420468},{"type":"ask","price":0.079,"amount":1.47937582,"tid":202709890,"timestamp":1673420468},{"type":"ask","price":0.079,"amount":1.8405662,"tid":202709889,"timestamp":1673420467},{"type":"ask","price":0.079,"amount":6.47969455,"tid":202709888,"timestamp":1673420467},{"type":"ask","price":0.079,"amount":2.63442088,"tid":202709887,"timestamp":1673420467},{"type":"ask","price":0.079,"amount":2.63442088,"tid":202709886,"timestamp":1673420467},{"type":"ask","price":0.07933024,"amount":1.9936226,"tid":202709885,"timestamp":1673420467},{"type":"ask","price":0.07933191,"amount":45.01365413,"tid":202709884,"timestamp":1673420427},{"type":"bid","price":0.07933192,"amount":1.49296396,"tid":202709883,"timestamp":1673416726},{"type":"bid","price":0.07933192,"amount":1.77628926,"tid":202709882,"timestamp":1673416723},{"type":"bid","price":0.07933192,"amount":2.57040038,"tid":202709881,"timestamp":1673416722},{"type":"bid","price":0.07933192,"amount":2.62646289,"tid":202709880,"timestamp":1673416720},{"type":"bid","price":0.07933192,"amount":1.77628926,"tid":202709879,"timestamp":1673416718},{"type":"ask","price":0.07933192,"amount":1.91593278,"tid":202709878,"timestamp":1673416708},{"type":"bid","price":0.08,"amount":2,"tid":202709877,"timestamp":1673415443},{"type":"bid","price":0.0803433,"amount":1.57933549,"tid":202709876,"timestamp":1673415390},{"type":"ask","price":0.07933179,"amount":4,"tid":202709875,"timestamp":1673415246},{"type":"bid","price":0.0805,"amount":101.13330243,"tid":202709874,"timestamp":1673396191},{"type":"bid","price":0.0805,"amount":50,"tid":202709873,"timestamp":1673396191},{"type":"bid","price":0.0800975,"amount":2.01005025,"tid":202709872,"timestamp":1673394251},{"type":"ask","price":0.08,"amount":1.27,"tid":202709871,"timestamp":1673394216},{"type":"ask","price":0.08,"amount":1.27,"tid":202709870,"timestamp":1673394210},{"type":"bid","price":0.08,"amount":1.27,"tid":202709869,"timestamp":1673394204},{"type":"ask","price":0.08,"amount":1.26633174,"tid":202709868,"timestamp":1673394056},{"type":"bid","price":0.08,"amount":1.26,"tid":202709867,"timestamp":1673394040},{"type":"bid","price":0.08,"amount":1.8842201,"tid":202709866,"timestamp":1673392351},{"type":"bid","price":0.08,"amount":2.63442088,"tid":202709865,"timestamp":1673392350},{"type":"bid","price":0.08,"amount":3.40389341,"tid":202709864,"timestamp":1673392350},{"type":"bid","price":0.08,"amount":1.8639,"tid":202709863,"timestamp":1673392350},{"type":"bid","price":0.08,"amount":2.53294481,"tid":202709862,"timestamp":1673392350},{"type":"bid","price":0.08,"amount":5.5577762,"tid":202709861,"timestamp":1673392350},{"type":"bid","price":0.08,"amount":1.58734632,"tid":202709860,"timestamp":1673392350},{"type":"bid","price":0.08,"amount":1.46673898,"tid":202709859,"timestamp":1673392350},{"type":"bid","price":0.08,"amount":1.82484392,"tid":202709858,"timestamp":1673392350},{"type":"bid","price":0.08,"amount":6.42434455,"tid":202709857,"timestamp":1673392350},{"type":"bid","price":0.08,"amount":2.61191746,"tid":202709856,"timestamp":1673392350},{"type":"bid","price":0.08,"amount":2.61191746,"tid":202709855,"timestamp":1673392350},{"type":"bid","price":0.08,"amount":0.61130387,"tid":202709854,"timestamp":1673392350},{"type":"bid","price":0.07999999,"amount":47.21537098,"tid":202709853,"timestamp":1673392350},{"type":"ask","price":0.07812701,"amount":3.39182344,"tid":202709852,"timestamp":1673375767},{"type":"ask","price":0.0782,"amount":1.46025063,"tid":202709851,"timestamp":1673375767},{"type":"ask","price":0.079,"amount":0.13363002,"tid":202709850,"timestamp":1673375767},{"type":"ask","price":0.07900001,"amount":22.53429591,"tid":202709849,"timestamp":1673375755},{"type":"ask","price":0.07999999,"amount":0.00150702,"tid":202709848,"timestamp":1673374294},{"type":"ask","price":0.07999999,"amount":68.2063492,"tid":202709847,"timestamp":1673374290},{"type":"bid","price":0.07999999,"amount":22.33775437,"tid":202709846,"timestamp":1673374289},{"type":"ask","price":0.079,"amount":1.8842201,"tid":202709845,"timestamp":1673373493},{"type":"ask","price":0.079,"amount":2.63442088,"tid":202709844,"timestamp":1673373493},{"type":"ask","price":0.079,"amount":3.40389341,"tid":202709843,"timestamp":1673373493},{"type":"ask","price":0.079,"amount":1.8639,"tid":202709842,"timestamp":1673373493},{"type":"ask","price":0.079,"amount":2.53294481,"tid":202709841,"timestamp":1673373493},{"type":"ask","price":0.079,"amount":5.5577762,"tid":202709840,"timestamp":1673373493},{"type":"ask","price":0.079,"amount":1.58734632,"tid":202709839,"timestamp":1673373493},{"type":"ask","price":0.07900001,"amount":47.216878,"tid":202709838,"timestamp":1673373493},{"type":"bid","price":0.08,"amount":2.00061359,"tid":202709837,"timestamp":1673362036},{"type":"bid","price":0.08,"amount":2.61191746,"tid":202709836,"timestamp":1673362036},{"type":"bid","price":0.08,"amount":3.37481721,"tid":202709835,"timestamp":1673362036},{"type":"bid","price":0.08,"amount":1.84797848,"tid":202709834,"timestamp":1673362036},{"type":"bid","price":0.08,"amount":2.51130821,"tid":202709833,"timestamp":1673362036},{"type":"bid","price":0.07961303,"amount":1.99967267,"tid":202709832,"timestamp":1673362036},{"type":"bid","price":0.07918866,"amount":1.2660379,"tid":202709831,"timestamp":1673359873},{"type":"ask","price":0.079,"amount":20.57518074,"tid":202709830,"timestamp":1673358512},{"type":"ask","price":0.079,"amount":1.46673898,"tid":202709829,"timestamp":1673358512},{"type":"ask","price":0.079,"amount":1.82484392,"tid":202709828,"timestamp":1673358512},{"type":"ask","price":0.079,"amount":6.42434455,"tid":202709827,"timestamp":1673358512},{"type":"ask","price":0.079,"amount":2.61191746,"tid":202709826,"timestamp":1673358512},{"type":"ask","price":0.079,"amount":2.61191746,"tid":202709825,"timestamp":1673358512},{"type":"ask","price":0.079,"amount":2.61191746,"tid":202709824,"timestamp":1673358512},{"type":"ask","price":0.079,"amount":2.61191746,"tid":202709823,"timestamp":1673358512},{"type":"ask","price":0.079,"amount":3.37481721,"tid":202709822,"timestamp":1673358512},{"type":"ask","price":0.079,"amount":1.84797848,"tid":202709821,"timestamp":1673358512},{"type":"ask","price":0.079,"amount":2.51130821,"tid":202709820,"timestamp":1673358512},{"type":"bid","price":0.07944,"amount":1.52711807,"tid":202709819,"timestamp":1673358114},{"type":"bid","price":0.07945614,"amount":2.02,"tid":202709818,"timestamp":1673357252},{"type":"bid","price":0.08066,"amount":5.16588514,"tid":202709817,"timestamp":1673355257},{"type":"bid","price":0.08028655,"amount":2,"tid":202709816,"timestamp":1673355257},{"type":"bid","price":0.08,"amount":5.51030115,"tid":202709815,"timestamp":1673355257},{"type":"bid","price":0.08,"amount":1.57378721,"tid":202709814,"timestamp":1673355257},{"type":"ask","price":0.079,"amount":5.51030115,"tid":202709813,"timestamp":1673354158},{"type":"ask","price":0.079,"amount":1.57378721,"tid":202709812,"timestamp":1673354158},{"type":"ask","price":0.0806,"amount":0.00673428,"tid":202709811,"timestamp":1673353651},{"type":"ask","price":0.0806,"amount":3.19268832,"tid":202709810,"timestamp":1673353637},{"type":"bid","price":0.0806,"amount":8.30901082,"tid":202709809,"timestamp":1673353626},{"type":"bid","price":0.080197,"amount":1.98989961,"tid":202709808,"timestamp":1673353555},{"type":"bid","price":0.0806,"amount":2.3255037,"tid":202709807,"timestamp":1673350177},{"type":"bid","price":0.0806,"amount":1.16144532,"tid":202709806,"timestamp":1673350084},{"type":"bid","price":0.0806,"amount":1.42244769,"tid":202709805,"timestamp":1673350084},{"type":"bid","price":0.08,"amount":0.05169152,"tid":202709804,"timestamp":1673350008},{"type":"bid","price":0.08,"amount":1.56191674,"tid":202709803,"timestamp":1673350002},{"type":"bid","price":0.08,"amount":2.60327221,"tid":202709802,"timestamp":1673349988},{"type":"bid","price":0.08,"amount":2.60463373,"tid":202709801,"timestamp":1673349984},{"type":"bid","price":0.08,"amount":262.34913103,"tid":202709800,"timestamp":1673349511},{"type":"bid","price":0.08,"amount":1.45421,"tid":202709799,"timestamp":1673349511},{"type":"bid","price":0.08,"amount":1.80925607,"tid":202709798,"timestamp":1673349511},{"type":"bid","price":0.08,"amount":6.36946734,"tid":202709797,"timestamp":1673349511},{"type":"bid","price":0.08,"amount":2.58960632,"tid":202709796,"timestamp":1673349511},{"type":"bid","price":0.08,"amount":2.58960632,"tid":202709795,"timestamp":1673349511},{"type":"bid","price":0.08,"amount":2.58960632,"tid":202709794,"timestamp":1673349511},{"type":"bid","price":0.08,"amount":2.58960632,"tid":202709793,"timestamp":1673349511},{"type":"bid","price":0.08,"amount":3.34598936,"tid":202709792,"timestamp":1673349511},{"type":"bid","price":0.08,"amount":1.83219303,"tid":202709791,"timestamp":1673349511},{"type":"bid","price":0.08,"amount":7.95308813,"tid":202709790,"timestamp":1673349511},{"type":"bid","price":0.08,"amount":1.56034376,"tid":202709789,"timestamp":1673349511},{"type":"bid","price":0.07966149,"amount":34.36108211,"tid":202709788,"timestamp":1673349074},{"type":"bid","price":0.07966149,"amount":2.61570175,"tid":202709787,"timestamp":1673346629},{"type":"bid","price":0.07966149,"amount":2.61570175,"tid":202709786,"timestamp":1673346623},{"type":"bid","price":0.07966149,"amount":2.61570175,"tid":202709785,"timestamp":1673346615},{"type":"bid","price":0.07966149,"amount":4.41909599,"tid":202709784,"timestamp":1673342672},{"type":"bid","price":0.07966149,"amount":0.38778243,"tid":202709783,"timestamp":1673341091},{"type":"bid","price":0.0794984,"amount":1.97321757,"tid":202709782,"timestamp":1673341091},{"type":"bid","price":0.07888778,"amount":605.00159407,"tid":202709781,"timestamp":1673338121},{"type":"bid","price":0.07888778,"amount":2.24782154,"tid":202709780,"timestamp":1673337693},{"type":"ask","price":0.07888778,"amount":22.33775437,"tid":202709779,"timestamp":1673337674},{"type":"bid","price":0.0796615,"amount":1.938,"tid":202709778,"timestamp":1673331706},{"type":"bid","price":0.07920198,"amount":1.68998782,"tid":202709777,"timestamp":1673329126},{"type":"bid","price":0.07999999,"amount":22.11190817,"tid":202709776,"timestamp":1673328931}]}